@article{chuang2022residential,
	title={Are Residential Energy Efficiency Upgrades Effective? An Empirical Analysis in Southern California},
	author={Chuang, Yating and Delmas, Magali A and Pincetl, Stephanie},
	journal={Journal of the Association of Environmental and Resource Economists},
	volume={9},
	number={4},
	pages={641--679},
	year={2022},
	publisher={The University of Chicago Press Chicago, IL}
}

@article{liang2018energy,
	title={Do energy retrofits work? Evidence from commercial and residential buildings in Phoenix},
	author={Liang, Jing and Qiu, Yueming and James, Timothy and Ruddell, Benjamin L and Dalrymple, Michael and Earl, Stevan and Castelazo, Alex},
	journal={Journal of Environmental Economics and Management},
	volume={92},
	pages={726--743},
	year={2018},
	publisher={Elsevier}
}

@article{rivers2016free,
	title={Free-riding on energy efficiency subsidies: the case of natural gas furnaces in Canada},
	author={Rivers, Nicholas and Shiell, Leslie},
	journal={The Energy Journal},
	volume={37},
	number={4},
	year={2016},
	publisher={International Association for Energy Economics}
}

@article{boomhower2014credible,
	title={A credible approach for measuring inframarginal participation in energy efficiency programs},
	author={Boomhower, Judson and Davis, Lucas W},
	journal={Journal of Public Economics},
	volume={113},
	pages={67--79},
	year={2014},
	publisher={Elsevier}
}